@article{PhysRevLett.115.080604,
  title = {Corner-Space Renormalization Method for Driven-Dissipative Two-Dimensional Correlated Systems},
  author = {Finazzi, S. and Le Boit\'e, A. and Storme, F. and Baksic, A. and Ciuti, C.},
  journal = {Phys. Rev. Lett.},
  volume = {115},
  issue = {8},
  pages = {080604},
  numpages = {5},
  year = {2015},
  month = {Aug},
  publisher = {American Physical Society},
  doi = {10.1103/PhysRevLett.115.080604},
  url = {https://link.aps.org/doi/10.1103/PhysRevLett.115.080604}
}

@report{presk:quant_info,
	author = {Preskill, John},
	title = {Quantum Information},
	type = {Lecture Notes},
	institution = {California Institute of Technology},
    year = {2015},
    month = {July},
}

@book{pet_breuer:open_quantum,
	author = {Breuer, Heinz-Peter and Petruccione, Francesco},
	title = {The Theory of Open Quantum Systems},
	publisher = {Oxford University Press},
	date = {2003},
}

@article{s_white:dmrg,
	author = {White, Steven R.},
	title = {Density Matrix Formulation for Quantum Renormalization Groups},
	journaltitle = {Physical Review Letters},
	volume  = {69},
	number = {19},
    year = {1992},
    month = {November},
    day = {9},
}

@article{minganti:spectral_theory,
	author = {Minganti, Fabrizio and Biella, Alberto and Bartolo, Nicola and Ciuti, Cristiano},
	title = {Specrtal Theory of Liouvillians for Dissipative Phase Transitions},
	journaltitle = {arXiv:1804.11293 [quant-ph]},
	year = {2018},
    month = {May},
    day = {1},
}

@article{RevModPhys.47.773,
  title = {The renormalization group: Critical phenomena and the Kondo problem},
  author = {Wilson, Kenneth G.},
  journal = {Rev. Mod. Phys.},
  volume = {47},
  issue = {4},
  pages = {773--840},
  numpages = {0},
  year = {1975},
  month = {Oct},
  publisher = {American Physical Society},
  doi = {10.1103/RevModPhys.47.773},
  url = {https://link.aps.org/doi/10.1103/RevModPhys.47.773}
}

@article{arma:art,
	title = {Armadillo: a template-based C++ library for linear algebra},
	author = {Sanderson, Conrad  and Curtin, Ryan},
    journal = {Journal of Open Source Software},
    volume = {1}, 
    pages = {26},
    year = {2016},
}

@inbook{arma:book,
	title = {A User-Friendly Hybrid Sparse Matrix Class in C++},
    author = {Sanderson, Conrad and Curtin, Ryan},
    booktitle = {Lecture Notes in Computer Science (LNCS)},
    volume = {10931},
    pages = {422-430},
    year = {2018},
}

@article{PhysRevA.69.062317,
  title = {Simulating noisy quantum protocols with quantum trajectories},
  author = {Carlo, Gabriel G. and Benenti, Giuliano and Casati, Giulio and Mej\'{\i}a-Monasterio, Carlos},
  journal = {Phys. Rev. A},
  volume = {69},
  issue = {6},
  pages = {062317},
  numpages = {11},
  year = {2004},
  month = {Jun},
  publisher = {American Physical Society},
  doi = {10.1103/PhysRevA.69.062317},
  url = {https://link.aps.org/doi/10.1103/PhysRevA.69.062317}
}

@article{PhysRevLett.93.207204,
  title = {Matrix Product Density Operators: Simulation of Finite-Temperature and Dissipative Systems},
  author = {Verstraete, F. and Garc\'{\i}a-Ripoll, J. J. and Cirac, J. I.},
  journal = {Phys. Rev. Lett.},
  volume = {93},
  issue = {20},
  pages = {207204},
  numpages = {4},
  year = {2004},
  month = {Nov},
  publisher = {American Physical Society},
  doi = {10.1103/PhysRevLett.93.207204},
  url = {https://link.aps.org/doi/10.1103/PhysRevLett.93.207204}
}

@article{PhysRevLett.93.207205,
  title = {Mixed-State Dynamics in One-Dimensional Quantum Lattice Systems: A Time-Dependent Superoperator Renormalization Algorithm},
  author = {Zwolak, Michael and Vidal, Guifr\'e},
  journal = {Phys. Rev. Lett.},
  volume = {93},
  issue = {20},
  pages = {207205},
  numpages = {4},
  year = {2004},
  month = {Nov},
  publisher = {American Physical Society},
  doi = {10.1103/PhysRevLett.93.207205},
  url = {https://link.aps.org/doi/10.1103/PhysRevLett.93.207205}
}

@book{nielsen_chuang,
  author = {Nielsen, Michael A. and Chuang, Isaac L.},
  biburl = {https://www.bibsonomy.org/bibtex/222bf6f3de23faf420214d738924ac21b/mcclung},
  interhash = {140ce4be72c2994b45286dbaa98d0bd3},
  intrahash = {22bf6f3de23faf420214d738924ac21b},
  keywords = {computing information quantum},
  publisher = {Cambridge University Press},
  timestamp = {2010-06-22T17:54:31.000+0200},
  title = {Quantum Computation and Quantum Information},
  year = 2000
}

@article{Prosen_2009,
	doi = {10.1088/1742-5468/2009/02/p02035},
	url = {https://doi.org/10.1088},%2F1742-5468%2F2009%2F02%2Fp02035},
	year = 2009,
	month = {feb},
	publisher = {{IOP} Publishing},
	volume = {2009},
	number = {02},
	pages = {P02035},
	author = {Toma{\v{z}} Prosen and Marko {\v{Z}}nidari{\v{c}}},
	title = {Matrix product simulations of non-equilibrium steady states of quantum spin chains},
	journal = {Journal of Statistical Mechanics: Theory and Experiment}
}

@book{blum_density_matrix,
	author = {Blum, Karl},
	title = {Density Matrix Theory and Applications},
	publisher = {Springer-Verlag Berlin Heidelberg},
	date = {2012},
}

@book{bransden_qm,
	author = {Bransden, B.H. and Joachain, C.J.},
	title = {Quantum Mechanics},
	publisher = {Pearson Education Limited},
	date = {2000},
}

@article{RevModPhys.80.517,
  title = {Entanglement in many-body systems},
  author = {Amico, Luigi and Fazio, Rosario and Osterloh, Andreas and Vedral, Vlatko},
  journal = {Rev. Mod. Phys.},
  volume = {80},
  issue = {2},
  pages = {517--576},
  numpages = {0},
  year = {2008},
  month = {May},
  publisher = {American Physical Society},
  doi = {10.1103/RevModPhys.80.517},
  url = {https://link.aps.org/doi/10.1103/RevModPhys.80.517}
}

@article{PhysRevA.64.062106,
  title = {Dynamics of open quantum systems initially entangled with environment: Beyond the Kraus representation},
  author = {\ifmmode \check{S}\else \v{S}\fi{}telmachovi\ifmmode \check{c}\else \v{c}\fi{}, Peter and Bu\ifmmode \check{z}\else \v{z}\fi{}ek, Vladim\'{\i}r},
  journal = {Phys. Rev. A},
  volume = {64},
  issue = {6},
  pages = {062106},
  numpages = {5},
  year = {2001},
  month = {Nov},
  publisher = {American Physical Society},
  doi = {10.1103/PhysRevA.64.062106},
  url = {https://link.aps.org/doi/10.1103/PhysRevA.64.062106}
}

@article{PhysRevLett.68.580,
  title = {Wave-function approach to dissipative processes in quantum optics},
  author = {Dalibard, Jean and Castin, Yvan and M\o{}lmer, Klaus},
  journal = {Phys. Rev. Lett.},
  volume = {68},
  issue = {5},
  pages = {580--583},
  numpages = {0},
  year = {1992},
  month = {Feb},
  publisher = {American Physical Society},
  doi = {10.1103/PhysRevLett.68.580},
  url = {https://link.aps.org/doi/10.1103/PhysRevLett.68.580}
}

@article{Molmer:93,
author = {Klaus M{\o}lmer and Yvan Castin and Jean Dalibard},
journal = {J. Opt. Soc. Am. B},
keywords = {Optical Bloch equations; Photon polarization; Quantum jumps; Quantum optics; Radiation pressure; Spontaneous emission},
number = {3},
pages = {524--538},
publisher = {OSA},
title = {Monte Carlo wave-function method in quantum optics},
volume = {10},
month = {Mar},
year = {1993},
url = {http://josab.osa.org/abstract.cfm?URI=josab-10-3-524},
doi = {10.1364/JOSAB.10.000524},
}

@article{PhysRevB.48.10345,
  title = {Density-matrix algorithms for quantum renormalization groups},
  author = {White, Steven R.},
  journal = {Phys. Rev. B},
  volume = {48},
  issue = {14},
  pages = {10345--10356},
  numpages = {0},
  year = {1993},
  month = {Oct},
  publisher = {American Physical Society},
  doi = {10.1103/PhysRevB.48.10345},
  url = {https://link.aps.org/doi/10.1103/PhysRevB.48.10345}
}

@article{RevModPhys.77.259,
  title = {The density-matrix renormalization group},
  author = {Schollw\"ock, U.},
  journal = {Rev. Mod. Phys.},
  volume = {77},
  issue = {1},
  pages = {259--315},
  numpages = {0},
  year = {2005},
  month = {Apr},
  publisher = {American Physical Society},
  doi = {10.1103/RevModPhys.77.259},
  url = {https://link.aps.org/doi/10.1103/RevModPhys.77.259}
}

@article{SCHOLLWOCK201196,
title = "The density-matrix renormalization group in the age of matrix product states",
journal = "Annals of Physics",
volume = "326",
number = "1",
pages = "96 - 192",
year = "2011",
note = "January 2011 Special Issue",
issn = "0003-4916",
doi = "https://doi.org/10.1016/j.aop.2010.09.012",
url = "http://www.sciencedirect.com/science/article/pii/S0003491610001752",
author = "Ulrich Schollw√∂ck"
}

@article{PhysRevX.6.031011,
  title = {Cluster Mean-Field Approach to the Steady-State Phase Diagram of Dissipative Spin Systems},
  author = {Jin, Jiasen and Biella, Alberto and Viyuela, Oscar and Mazza, Leonardo and Keeling, Jonathan and Fazio, Rosario and Rossini, Davide},
  journal = {Phys. Rev. X},
  volume = {6},
  issue = {3},
  pages = {031011},
  numpages = {18},
  year = {2016},
  month = {Jul},
  publisher = {American Physical Society},
  doi = {10.1103/PhysRevX.6.031011},
  url = {https://link.aps.org/doi/10.1103/PhysRevX.6.031011}
}

@article{PhysRevX.6.021037,
  title = {Resummation for Nonequilibrium Perturbation Theory and Application to Open Quantum Lattices},
  author = {Li, Andy C. Y. and Petruccione, F. and Koch, Jens},
  journal = {Phys. Rev. X},
  volume = {6},
  issue = {2},
  pages = {021037},
  numpages = {17},
  year = {2016},
  month = {Jun},
  publisher = {American Physical Society},
  doi = {10.1103/PhysRevX.6.021037},
  url = {https://link.aps.org/doi/10.1103/PhysRevX.6.021037}
}

@article{Prosen_2008,
	doi = {10.1088/1367-2630/10/4/043026},
	url = {https://doi.org/10.1088%2F1367-2630%2F10%2F4%2F043026},
	year = 2008,
	month = {apr},
	publisher = {{IOP} Publishing},
	volume = {10},
	number = {4},
	pages = {043026},
	author = {Toma{\v{z}} Prosen},
	title = {Third quantization: a general method to solve master equations for quadratic open Fermi systems},
	journal = {New Journal of Physics}
}

@book{oitmaa,
	author = {Oitmaa, J., Hamer, C. and Zheng, W.},
	title = {Series Expansion Methods for Strongly Interacting Lattice Models},
	publisher = {Cambridge University Press},
	date = {2006},
}

@article{Cirac_2009,
	doi = {10.1088/1751-8113/42/50/504004},
	url = {https://doi.org/10.1088%2F1751-8113%2F42%2F50%2F504004},
	year = 2009,
	month = {dec},
	publisher = {{IOP} Publishing},
	volume = {42},
	number = {50},
	pages = {504004},
	author = {J Ignacio Cirac and Frank Verstraete},
	title = {Renormalization and tensor product states in spin chains and lattices},
	journal = {Journal of Physics A: Mathematical and Theoretical}
}

@article{PhysRevLett.91.147902,
  title = {Efficient Classical Simulation of Slightly Entangled Quantum Computations},
  author = {Vidal, Guifr\'e},
  journal = {Phys. Rev. Lett.},
  volume = {91},
  issue = {14},
  pages = {147902},
  numpages = {4},
  year = {2003},
  month = {Oct},
  publisher = {American Physical Society},
  doi = {10.1103/PhysRevLett.91.147902},
  url = {https://link.aps.org/doi/10.1103/PhysRevLett.91.147902}
}

@article{PhysRevLett.93.040502,
  title = {Efficient Simulation of One-Dimensional Quantum Many-Body Systems},
  author = {Vidal, Guifr\'e},
  journal = {Phys. Rev. Lett.},
  volume = {93},
  issue = {4},
  pages = {040502},
  numpages = {4},
  year = {2004},
  month = {Jul},
  publisher = {American Physical Society},
  doi = {10.1103/PhysRevLett.93.040502},
  url = {https://link.aps.org/doi/10.1103/PhysRevLett.93.040502}
}

@article{Nat.Phys2012,
  title = {On-chip quantum simulation with
superconducting circuits},
  author = {Houck, Andrew A. and T√ºreci, Hakan E. and Koch, Jens},
  journal = {Nature Physics},
  volume = {8},
  year = {2012},
  month = {Apr},
  publisher = {Nature Publishing Group},
  doi = {10.1038/nphys2251},
  url = {https://doi.org/10.1038/nphys2251}
}

@article{RevModPhys.85.299,
  title = {Quantum fluids of light},
  author = {Carusotto, Iacopo and Ciuti, Cristiano},
  journal = {Rev. Mod. Phys.},
  volume = {85},
  issue = {1},
  pages = {299--366},
  numpages = {0},
  year = {2013},
  month = {Feb},
  publisher = {American Physical Society},
  doi = {10.1103/RevModPhys.85.299},
  url = {https://link.aps.org/doi/10.1103/RevModPhys.85.299}
}

@article{PhysRevX.7.011016,
  title = {Observation of a Dissipative Phase Transition in a One-Dimensional Circuit QED Lattice},
  author = {Fitzpatrick, Mattias and Sundaresan, Neereja M. and Li, Andy C. Y. and Koch, Jens and Houck, Andrew A.},
  journal = {Phys. Rev. X},
  volume = {7},
  issue = {1},
  pages = {011016},
  numpages = {8},
  year = {2017},
  month = {Feb},
  publisher = {American Physical Society},
  doi = {10.1103/PhysRevX.7.011016},
  url = {https://link.aps.org/doi/10.1103/PhysRevX.7.011016}
}

@article{nphys1073,
  title = {Quantum states and phases in driven open quantum systems with cold atoms},
  author = {Diehl, S. and Micheli, A. and Kantian, A. and Kraus, B. and B√ºchler, H. P. and Zoller, P.},
  journal = {Nature Physics},
  volume = {4},
  year = {2008},
  month = {Sep},
  publisher = {Nature Publishing Group},
  doi = {10.1038/nphys1073},
  url = {https://doi.org/10.1038/nphys1073}
}

@article{Noh_2016,
	doi = {10.1088/0034-4885/80/1/016401},
	url = {https://doi.org/10.1088%2F0034-4885%2F80%2F1%2F016401},
	year = 2016,
	month = {nov},
	publisher = {{IOP} Publishing},
	volume = {80},
	number = {1},
	pages = {016401},
	author = {Changsuk Noh and Dimitris G Angelakis},
	title = {Quantum simulations and many-body physics with light},
	journal = {Reports on Progress in Physics}
}

@article{PhysRevLett.107.137201,
  title = {Exact Nonequilibrium Steady State of a Strongly Driven Open $XXZ$ Chain},
  author = {Prosen, Toma\ifmmode \check{z}\else \v{z}\fi{}},
  journal = {Phys. Rev. Lett.},
  volume = {107},
  issue = {13},
  pages = {137201},
  numpages = {5},
  year = {2011},
  month = {Sep},
  publisher = {American Physical Society},
  doi = {10.1103/PhysRevLett.107.137201},
  url = {https://link.aps.org/doi/10.1103/PhysRevLett.107.137201}
}

@article{PhysRevLett.106.220601,
  title = {Spin Transport in a One-Dimensional Anisotropic Heisenberg Model},
  author = {\ifmmode \check{Z}\else \v{Z}\fi{}nidari\ifmmode \check{c}\else \v{c}\fi{}, Marko},
  journal = {Phys. Rev. Lett.},
  volume = {106},
  issue = {22},
  pages = {220601},
  numpages = {4},
  year = {2011},
  month = {May},
  publisher = {American Physical Society},
  doi = {10.1103/PhysRevLett.106.220601},
  url = {https://link.aps.org/doi/10.1103/PhysRevLett.106.220601}
}

@article{article,
author = {Reisons, Juris and Mascarenhas, Eduardo and Savona, Vincenzo},
year = {2017},
month = {06},
pages = {},
title = {Emergent transport in a many-body open system driven by interacting quantum baths},
volume = {96},
journal = {Physical Review B},
doi = {10.1103/PhysRevB.96.165137}
}

@article{BenentiCasatiProsenRossini,
author = {Benenti, G and Casati, Giulio and Prosen, Toma≈æ and Rossini, Davide and Znidaric, Marko},
year = {2009},
month = {01},
pages = {},
title = {Charge and spin transport in strongly correlated one-dimensional quantum systems driven far from equilibrium},
volume = {80},
journal = {Physical Review B},
doi = {10.1103/PhysRevB.80.035110}
}

@article{root_cern,
author = {Brun, Rene and Rademakers, Fons},
year = {1996},
month = {Sep.},
pages = {},
title = {ROOT - An Object Oriented Data Analysis Framework},
journal = {Nucl. Inst. & Meth. in Phys. Res. A 389 (1997) 81-86},
doi = {http://root.cern.ch/}
}

@article{Tomadin:10,
author = {A. Tomadin and Rosario Fazio},
journal = {J. Opt. Soc. Am. B},
keywords = {Quantum optics; Nanophotonics and photonic crystals ; Cold atoms; Electric fields; Light matter interactions; Magnetic fields; Optical lattices; Two level systems},
number = {6},
pages = {A130--A136},
publisher = {OSA},
title = {Many-body phenomena in QED-cavity arrays (Invited)},
volume = {27},
month = {Jun},
year = {2010},
url = {http://josab.osa.org/abstract.cfm?URI=josab-27-6-A130},
doi = {10.1364/JOSAB.27.00A130}
}